

@article{abadie2010synthetic,
  title={Synthetic control methods for comparative case studies: Estimating the effect of Californiaâ€™s tobacco control program},
  author={Abadie, Alberto and Diamond, Alexis and Hainmueller, Jens},
  journal={Journal of the American statistical Association},
  volume={105},
  number={490},
  pages={493--505},
  year={2010},
  publisher={Taylor \& Francis}
}

@article{abadie2015comparative,
  title={Comparative politics and the synthetic control method},
  author={Abadie, Alberto and Diamond, Alexis and Hainmueller, Jens},
  journal={American Journal of Political Science},
  volume={59},
  number={2},
  pages={495--510},
  year={2015},
  publisher={Wiley Online Library}
}

@article{armstrong1975use,
  title={The use of the decomposition principle in making judgments},
  author={Armstrong, J Scott and Denniston Jr, William B and Gordon, Matt M},
  journal={Organizational behavior and human performance},
  volume={14},
  number={2},
  pages={257--263},
  year={1975},
  publisher={Elsevier}
}

@incollection{armstrong2001standards,
  title={Standards and practices for forecasting},
  author={Armstrong, J Scott},
  booktitle={Principles of Forecasting},
  pages={679--732},
  year={2001},
  publisher={Springer}
}

@article{blundell1998initial,
  title={Initial conditions and moment restrictions in dynamic panel data models},
  author={Blundell, Richard and Bond, Stephen},
  journal={Journal of econometrics},
  volume={87},
  number={1},
  pages={115--143},
  year={1998},
  publisher={Elsevier}
}

@article{bun2017maximum,
  title={On maximum likelihood estimation of dynamic panel data models},
  author={Bun, Maurice JG and Carree, Martin A and Juodis, Art{\=u}ras},
  journal={Oxford Bulletin of Economics and Statistics},
  volume={79},
  number={4},
  pages={463--494},
  year={2017},
  publisher={Wiley Online Library}
}

@article{burns1981causal,
  title={Causal and diagnostic inferences: A comparison of validity},
  author={Burns, Michael and Pearl, Judea},
  journal={Organizational Behavior and Human Performance},
  volume={28},
  number={3},
  pages={379--394},
  year={1981},
  publisher={Elsevier}
}

@article{klossner2018outside,
  title={Outside the box: Using synthetic control methods as a forecasting technique},
  author={Kl{\"o}${\ss}$ner, Stefan and Pfeifer, Gregor},
  journal={Applied Economics Letters},
  volume={25},
  number={9},
  pages={615--618},
  year={2018},
  publisher={Taylor \& Francis}
}

@article{mundlak1978pooling,
  title={On the pooling of time series and cross section data},
  author={Mundlak, Yair},
  journal={Econometrica: journal of the Econometric Society},
  pages={69--85},
  year={1978},
  publisher={JSTOR}
}

@misc{qianrolling2015forecast, 
	title = {On the Forecast Combination Puzzle}, 
	author = {Qian, Wei and Rolling, Craig A. and Cheng, Gang and Yang, Yuhong},
	year = 2015, 
	Bdsk-Url-1 = {https://arxiv.org/pdf/1505.00475.pdf}
}

@article{zieba2016ensemble,
  title={Ensemble boosted trees with synthetic features generation in application to bankruptcy prediction},
  author={Zi\k{e}ba, Maciej and Tomczak, Sebastian K and Tomczak, Jakub M},
  journal={Expert Systems with Applications},
  volume={58},
  pages={93--101},
  year={2016},
  publisher={Elsevier}
}

