


@article{abadie2010synthetic,
  title={Synthetic control methods for comparative case studies: Estimating the effect of California’s tobacco control program},
  author={Abadie, Alberto and Diamond, Alexis and Hainmueller, Jens},
  journal={Journal of the American Statistical Association},
  volume={105},
  number={490},
  pages={493--505},
  year={2010},
  publisher={Taylor \& Francis}
}

@article{abadie2015comparative,
  title={Comparative politics and the synthetic control method},
  author={Abadie, Alberto and Diamond, Alexis and Hainmueller, Jens},
  journal={American Journal of Political Science},
  volume={59},
  number={2},
  pages={495--510},
  year={2015},
  publisher={Wiley Online Library}
}

@misc{alonso2020state,
  title = {At least 8 US states have declared a state of emergency}, 
  author = {Alonso, Melissa},
  year = {2020}, 
  howpublished = {\url{https://www.cnn.com/asia/live-news/coronavirus-outbreak-03-08-20-intl-hnk/h_1b09bcd8c4b247c893d65b7118353923}},
  note = {Accessed on 2020-06-01}
}

@incollection{alquist2013forecasting,
  title={Forecasting the price of oil},
  author={Alquist, Ron and Kilian, Lutz and Vigfusson, Robert J},
  booktitle={Handbook of economic forecasting},
  volume={2},
  pages={427--507},
  year={2013},
  publisher={Elsevier}
}

@article{andolfatto2018yield,
  title={Does the Yield Curve Really Forecast Recession?},
  author={David Andolfatto and Andrew Spewak},
  journal={Economic Synopses},
  number={30},
  pages={1--2},
  year={2018}
}

@article{agarwal2020two,
  title={Two Burning Questions on COVID-19: Did shutting down the economy help? Can we (partially) reopen the economy without risking the second wave?},
  author={Agarwal, Anish and Alomar, Abdullah and Sarker, Arnab and Shah, Devavrat and Shen, Dennis and Yang, Cindy},
  journal={arXiv preprint arXiv:2005.00072},
  year={2020}
}

@article{armstrong1975use,
  title={The use of the decomposition principle in making judgments},
  author={Armstrong, J Scott and Denniston Jr, William B and Gordon, Matt M},
  journal={Organizational behavior and human performance},
  volume={14},
  number={2},
  pages={257--263},
  year={1975},
  publisher={Elsevier}
}

@incollection{armstrong2001standards,
  title={Standards and practices for forecasting},
  author={Armstrong, J Scott},
  booktitle={Principles of Forecasting},
  pages={679--732},
  year={2001},
  publisher={Springer}
}

@article{athey2017state,
  title={The state of applied econometrics: Causality and policy evaluation},
  author={Athey, Susan and Imbens, Guido W},
  journal={Journal of Economic Perspectives},
  volume={31},
  number={2},
  pages={3--32},
  year={2017}
}

@article{baffes2015great,
  title={The great plunge in oil prices: Causes, consequences, and policy responses},
  author={Baffes, John and Kose, M Ayhan and Ohnsorge, Franziska and Stocker, Marc},
  journal={Consequences, and Policy Responses (June 2015)},
  year={2015}
}

@article{baltagi2008forecasting,
  title={Forecasting with panel data},
  author={Baltagi, Badi H},
  journal={Journal of forecasting},
  volume={27},
  number={2},
  pages={153--173},
  year={2008},
  publisher={Wiley Online Library}
}

@article{bates1969combination,
  title={The combination of forecasts},
  author={Bates, John M and Granger, Clive WJ},
  journal={Journal of the Operational Research Society},
  volume={20},
  number={4},
  pages={451--468},
  year={1969},
  publisher={Taylor \& Francis}
}

@article{bauer2018economic,
  title={Economic Forecasts with the Yield Curve},
  author={Michael D. Bauer and  Thomas M. Mertens},
  journal={FRBSF Economic Letter},
  pages={1--5},
  year={2018}
}

@article{berkowitz2000recent,
  title={Recent developments in bootstrapping time series},
  author={Berkowitz, Jeremy and Kilian, Lutz},
  journal={Econometric Reviews},
  volume={19},
  number={1},
  pages={1--48},
  year={2000},
  publisher={Taylor \& Francis}
}

@article{blundell1998initial,
  title={Initial conditions and moment restrictions in dynamic panel data models},
  author={Blundell, Richard and Bond, Stephen},
  journal={Journal of Econometrics},
  volume={87},
  number={1},
  pages={115--143},
  year={1998},
  publisher={Elsevier}
}

@article{bose1988edgeworth,
  title={Edgeworth correction by bootstrap in autoregressions},
  author={Bose, Arup},
  journal={The Annals of Statistics},
  pages={1709--1722},
  year={1988},
  publisher={JSTOR}
}

@article{braniff2011towards,
  title={Towards global jihadism: Al-Qaeda’s strategic, ideological and structural adaptations since 9/11},
  author={Braniff, Bill and Moghadam, Assaf},
  journal={Perspectives on Terrorism},
  volume={5},
  number={2},
  pages={36--49},
  year={2011},
  publisher={JSTOR}
}

@article{bun2017maximum,
  title={On maximum likelihood estimation of dynamic panel data models},
  author={Bun, Maurice JG and Carree, Martin A and Juodis, Art{\=u}ras},
  journal={Oxford Bulletin of Economics and Statistics},
  volume={79},
  number={4},
  pages={463--494},
  year={2017},
  publisher={Wiley Online Library}
}

@article{burns1981causal,
  title={Causal and diagnostic inferences: A comparison of validity},
  author={Burns, Michael and Pearl, Judea},
  journal={Organizational Behavior and Human Performance},
  volume={28},
  number={3},
  pages={379--394},
  year={1981},
  publisher={Elsevier}
}

@misc{conocowhatwedo,
  year = {2020},
  author = {ConocoPhillips},
  title = {What We Do},
  howpublished = {\url{http://www.conocophillips.com/about-us/how-energy-works/}},
  note = {Accessed on 2020-05-24}
}

@misc{conocohist,
  year = {2020},
  author = {ConocoPhillips},
  title = {Our History: 2009-1990},
  howpublished = {\url{http://www.conocophillips.com/about-us/our-history/2009-1990/}},
  note = {Accessed on 2020-05-24}
}

@article{efron,
  title={Bootstrap methods: Another look at the jackknife},
  author={Efron, B.},
  journal={The Annals of Statistics},
  volume={7},
  pages={1-26},
  year={1979}
}

@article{efron1986bootstrap,
  title={Bootstrap methods for standard errors, confidence intervals, and other measures of statistical accuracy},
  author={Efron, Bradley and Tibshirani, Robert},
  journal={Statistical science},
  pages={54--75},
  year={1986},
  publisher={JSTOR}
}

@misc{floyd2001terror,
  year = {2001},
  author = {Norris Floyd and Jonathan Fuerbringer},
  title = {A DAY OF TERROR: THE MARKETS; Stocks Tumble Abroad; Exchanges in New York Never Opened for the Day},
  howpublished = {\url{https://www.nytimes.com/2001/09/12/business/day-terror-markets-stocks-tumble-abroad-exchanges-new-york-never-opened-for-day.html
}},
  note = {Accessed on 2020-05-24}
}

@article{fosten2019panel,
  title={Panel Data Nowcasting},
  author={Fosten, Jack and Greenaway-McGrevy, Ryan},
  journal={Available at SSRN 3435691},
  year={2019}
}

@book{granger2014forecasting,
  title={Forecasting economic time series},
  author={Granger, Clive William John and Newbold, Paul},
  year={2014},
  publisher={Academic Press}
}

@article{greenaway2020multistep,
  title={Multistep forecast selection for panel data},
  author={Greenaway-McGrevy, Ryan},
  journal={Econometric Reviews},
  volume={39},
  number={4},
  pages={373--406},
  year={2020},
  publisher={Taylor \& Francis}
}

@article{hansen2008least,
  title={Least-squares forecast averaging},
  author={Hansen, Bruce E},
  journal={Journal of Econometrics},
  volume={146},
  number={2},
  pages={342--350},
  year={2008},
  publisher={Elsevier}
}

@article{he2010global,
  title={Global economic activity and crude oil prices: A cointegration analysis},
  author={He, Yanan and Wang, Shouyang and Lai, Kin Keung},
  journal={Energy Economics},
  volume={32},
  number={4},
  pages={868--876},
  year={2010},
  publisher={Elsevier}
}

@techreport{huppmann2015opec,
  title={What about the OPEC Cartel?},
  author={Huppmann, Daniel and Holz, Franziska},
  year={2015},
  institution={DIW Roundup: Politik im Fokus}
}

@article{johnston2006impact,
  title={The impact of terrorism on financial markets},
  author={Johnston, R Barry and Nedelescu, Oana M},
  journal={Journal of Financial Crime},
  year={2006},
  publisher={Emerald Group Publishing Limited}
}

@article{klossner2018outside,
  title={Outside the box: Using synthetic control methods as a forecasting technique},
  author={Kl{\"o}${\ss}$ner, Stefan and Pfeifer, Gregor},
  journal={Applied Economics Letters},
  volume={25},
  number={9},
  pages={615--618},
  year={2018},
  publisher={Taylor \& Francis}
}

@article{kunsch1989jackknife,
  title={The jackknife and the bootstrap for general stationary observations},
  author={K\"{u}nsch, Hans R},
  journal={The Annals of Statistics},
  pages={1217--1241},
  year={1989},
  publisher={JSTOR}
}

@article{lee2015model,
  title={Model selection in the presence of incidental parameters},
  author={Lee, Yoonseok and Phillips, Peter C.B.},
  journal={Journal of Econometrics},
  volume={188},
  number={2},
  pages={474--489},
  year={2015},
  publisher={Elsevier}
}

@misc{lee2020estimation,
    title={Estimation of COVID-19 spread curves integrating global data and borrowing information},
    author={Se Yoon Lee and Bowen Lei and Bani K. Mallick},
    year={2020},
    eprint={2005.00662},
    archivePrefix={arXiv},
    primaryClass={stat.AP}
}

@article{liu1992moving,
  title={Moving blocks jackknife and bootstrap capture weak dependence},
  author={Liu, Regina Y and Singh, Kesar and others},
  journal={Exploring the limits of bootstrap},
  volume={225},
  pages={248},
  year={1992}
}

@article{mundlak1978pooling,
  title={On the pooling of time series and cross section data},
  author={Mundlak, Yair},
  journal={Econometrica: Journal of the Econometric Society},
  pages={69--85},
  year={1978},
  publisher={JSTOR}
}

@article{newbold2002forecast,
  title={Forecast combination and encompassing},
  author={Newbold, Paul and Harvey, David I},
  journal={A companion to economic forecasting},
  volume={1},
  pages={620},
  year={2002},
  publisher={Wiley Online Library}
}

@misc{plessen2020integrated,
    title={Integrated Time Series Summarization and Prediction Algorithm and its Application to COVID-19 Data Mining},
    author={Mogens Graf Plessen},
    year={2020},
    eprint={2005.00592},
    archivePrefix={arXiv},
    primaryClass={stat.AP}
}

@article{politis1994stationary,
  title={The stationary bootstrap},
  author={Politis, Dimitris N and Romano, Joseph P},
  journal={Journal of the American Statistical association},
  volume={89},
  number={428},
  pages={1303--1313},
  year={1994},
  publisher={Taylor \& Francis Group}
}

@book{politis1999subsampling,
  title={Subsampling},
  author={Politis, Dimitris N and Romano, Joseph P and Wolf, Michael},
  year={1999},
  publisher={Springer Science \& Business Media}
}

@misc{qianrolling2015forecast, 
	title = {On the Forecast Combination Puzzle}, 
	author = {Qian, Wei and Rolling, Craig A. and Cheng, Gang and Yang, Yuhong},
	year = 2015, 
	Bdsk-Url-1 = {https://arxiv.org/pdf/1505.00475.pdf}
}

@article{shiller1988portfolio,
  title={Portfolio insurance and other investor fashions as factors in the 1987 stock market crash},
  author={Shiller, Robert J},
  journal={NBER Macroeconomics Annual},
  volume={3},
  pages={287--297},
  year={1988},
  publisher={MIT Press}
} 

@book{shorter2008bear,
  title={Bear Stearns: Crisis and" rescue" for a major provider of mortgage-related products},
  author={Shorter, Gary W},
  year={2008},
  publisher={Congressional Research Service}
}

@article{sjodin2020only,
  title={Only strict quarantine measures can curb the coronavirus disease (COVID-19) outbreak in Italy, 2020},
  author={Sj{\"o}din, Henrik and Wilder-Smith, Annelies and Osman, Sarah and Farooq, Zia and Rockl{\"o}v, Joacim},
  journal={Eurosurveillance},
  volume={25},
  number={13},
  pages={2000280},
  year={2020},
  publisher={European Centre for Disease Prevention and Control}
}

@article{sukhankin2020russian,
  title={Russian geopolitical objectives in the current oil price crisis, and implications for Canada},
  author={Sukhankin, Sergey},
  journal={The School of Public Policy Publications},
  volume={13},
  year={2020}
}

@article{tokic2019yield,
  title={Is yield curve predicting a US recession in 2020?},
  author={Tokic, Damir},
  journal={Journal of Corporate Accounting \& Finance},
  volume={30},
  number={3},
  pages={5--7},
  year={2019},
  publisher={Wiley Online Library}
}

@article{zieba2016ensemble,
  title={Ensemble boosted trees with synthetic features generation in application to bankruptcy prediction},
  author={Zi\k{e}ba, Maciej and Tomczak, Sebastian K and Tomczak, Jakub M},
  journal={Expert Systems with Applications},
  volume={58},
  pages={93--101},
  year={2016},
  publisher={Elsevier}
}

@article{timmermann2006forecast,
  title={Forecast combinations},
  author={Timmermann, Allan},
  journal={Handbook of Economic Forecasting},
  volume={1},
  pages={135--196},
  year={2006},
  publisher={Elsevier}
}

@article{wang2020impact,
  title={Impact of Social Distancing Measures on COVID-19 Healthcare Demand in Central Texas},
  author={Wang, Xutong and Pasco, Remy F and Du, Zhanwei and Petty, Michaela and Fox, Spencer J and Galvani, Alison P and Pignone, Michael and Johnston, S Claiborne and Meyers, Lauren Ancel},
  journal={medRxiv},
  year={2020},
  publisher={Cold Spring Harbor Laboratory Press}
}

@article{zellner1991forecasting,
  title={Forecasting turning points in international output growth rates using Bayesian exponentially weighted autoregression, time-varying parameter, and pooling techniques},
  author={Zellner, Arnold and Hong, Chansik and Min, Chung-ki},
  journal={Journal of Econometrics},
  volume={49},
  number={1-2},
  pages={275--304},
  year={1991},
  publisher={Elsevier}
}



























@misc{cnbc,
  year = {2020},
  author = {CNBC},
  title = {Saudi Arabia to hike oil output above 10 mln bpd in April after OPEC$+$ deal collapse},
  howpublished = {\url{https://www.cnbc.com/2020/03/08/saudi-arabia-to-hike-oil-output-above-10-million-bpd-in-april-after-opec-deal-collapse.html}},
  note = {Accessed on 2020-05-24}
}

@misc{cnn,
  year = {2020},
  author = {Jamiel Lynch},
  title = {SXSW festival canceled amidst coronavirus concerns},
  howpublished = {\url{https://www.cnn.com/world/live-news/coronavirus-outbreak-03-06-20-intl-hnk/h_a8875b987d5086f165e9284304f7c77e}},
  note = {Accessed on 2020-05-24}
}

@misc{nygov,
  year = {2020},
  author = {{New York State Government}},
  title = {At Novel Coronavirus Briefing, Governor Cuomo Declares State of Emergency to Contain Spread of Virus},
  howpublished = {\url{https://www.governor.ny.gov/news/novel-coronavirus-briefing-governor-cuomo-declares-state-emergency-contain-spread-virus}},
  note = {Accessed on 2020-05-24}
}


@misc{newsweek,
  year = {2020},
  author = {Matthew Impelli},
  title = {What U.S. States Have Declared a State of Emergency Amid Coronavirus Outbreak},
  howpublished = {\url{https://www.newsweek.com/what-us-states-have-declared-state-emergency-amid-coronavirus-outbreak-1491299}},
  note = {Accessed on 2020-05-24}
}

@misc{ap,
  year = {2019},
  author = {Stan Choe},
  title = {Potential recession signal: A key `yield curve' has inverted},
  howpublished = {\url{https://apnews.com/a0af7de008924d789c6d2bddc1ee9168}},
  note = {Accessed on 2020-05-24}
}

@misc{latimes,
  year = {2011},
  author = {Jim Puzzanghera},
  title = {Potential recession signal: A key `yield curve' has inverted},
  howpublished = {\url{https://www.latimes.com/world/la-xpm-2011-aug-06-la-fi-us-debt-downgrade-20110806-story.html}},
  note = {Accessed on 2020-05-24}
}

@misc{nytimes,
  year = {2015},
  author = {Nathaniel Popper and Neil Gough},
  title = {A Plunge in China Rattles Markets Across the Globe},
  howpublished = {\url{https://www.nytimes.com/2015/08/25/business/dealbook/daily-stock-market-activity.html}},
  note = {Accessed on 2020-05-24}
}

@misc{history,
  year = {2010},
  author = {History.com},
  title = {September 11 Attacks},
  howpublished = {\url{https://www.history.com/topics/21st-century/9-11-attacks}},
  note = {Accessed on 2020-05-24}
}

@misc{UST,
  year = {2008},
  author = {{U.S. Department of the Treasury}},
  title = {Statement by Secretary Henry M. Paulson, Jr. on Treasury and Federal Housing Finance Agency Action to Protect Financial Markets and Taxpayers},
  howpublished = {\url{https://www.treasury.gov/press-center/press-releases/Pages/hp1129.aspx}},
  note = {Accessed on 2020-05-24}
}

@misc{lehman,
  year = {2008},
  author = {Sam Mamudi},
  title = {Lehman folds with record \$613 billion debt},
  howpublished = {\url{https://www.marketwatch.com/story/lehman-folds-with-record-613-billion-debt}},
  note = {Accessed on 2020-05-24}
}

@misc{CNBC2014,
  year = {2014},
  author = {Matt Clinch},
  title = {Oil falls as OPEC opts not to cut production},
  howpublished = {\url{https://www.cnbc.com/2014/11/27/saudi-oil-minister-says-opec-will-not-cut-oil-production-reuters.html}},
  note = {Accessed on 2020-05-24}
}



